@MISC{speadprotocolcasper,
    author = {Jason Manley{,} Marc Welz{,} Aaron Parsons{,} Simon Ratcliffe},
    title = {SPEAD: Streaming Protocol for Exchanging Astronomical Data},
    note = {http://casper.berkeley.edu/astrobaki/images/9/93/SPEADsignedRelease.pdf},
}
@MISC{speadprotocolska,
    author = {Jason Manley{,} Marc Welz{,} Aaron Parsons{,} Simon Ratcliffe},
    title = {SPEAD: Streaming Protocol for Exchanging Astronomical Data},
    note = {SSA4700-0000-001, Rev 1},
}
@MISC{ffdbectl,
    author = {Simon Cross{,} Marc Welz{,} Jason Manley},
    title = {KAT Control Protocol Specification},
    note = {http://casper.berkeley.edu/wiki/images/1/11/NRF-KAT7-6.0-IFCE-002-Rev4.pdf},
}
@MISC{speaduse,
    author = {Jason Manley{,} Marc Welz{,} Aaron Parsons{,} Simon Ratcliffe},
    title = {SPEAD: Recommended Practice},
    note = {https://casper.berkeley.edu/wiki/images/1/1d/Spead\_recommended\_practice\_revC.pdf},
}
@MISC{speadkat7,
    author = {Jason Manley{,} Marc Welz{,} Simon Ratcliffe},
    title = {KAT-7 Data Interface},
    note = {K0000-2006V1-05},
}
@MISC{pyspead,
    author = "Simon Ratcliffe",
    title = "https://github.com/ska-sa/pyspead",
    note = "2010"
}
@MISC{cspead,
    author = "Adam Barta",
    title = "https://github.com/ska-sa/spead",
    note = "2012"
}
